@Article{Cao2018,
  author = 	 {Yudong Cao and Jhonathan Romero and Al√°n Aspuru-Guzik},
  title = 	 {Potential of quantum computing for drug discovery},
  journal = 	 {IBM Journal of Research and Development},
  year = 	 {2018},
  volume =	 {62.6}
}

@Article{Tranter2018,
  author = 	 {Andrew Tranter and et al},
  title = 	 {A comparison of the Bravyi-Kitaev and Jordan-Wigner transformations for the quantum simulation of quantum chemistry.},
  journal = 	 {Journal of chemical theory and computation},
  year = 	 {2018},
  volume =	 {14.11}, 
  pages = {5617-5630}
}

@Article{QuantumNAS2022,
  author = 	 {Hanrui Wang and Yongshan Ding and Jiaqi Gu and Yujun Lin and  David Z. Pan  and Frederic T. Chong  and  Song Han and},
  title = 	 {QuantumNAS: Noise-Adaptive Search for Robust Quantum Circuits},
  journal = 	 {EEE International Symposium on High-Performance Computer Architecture (HPCA)},
  publisher = 	 {},
  year = 	 {2022},
  url =  {https://www.computer.org/csdl/proceedings-article/hpca/2022/202700a692/1Ds0eIm3t9m},
  volume =	 {},
  doi = {10.1109/HPCA53966.2022.00057}, 
  isbn = {}, 
  pages =	 {692-708}
}

@Article{ResilienQ2023,
  author =   "Hanrui Wang and Yilian Liu and Pengyu Liu and Song Han",
  title =    "ResilienQ: Boosting Fidelity of Quantum State Preparation via Noise-Aware Variational Training",
  journal =    "Fast Machine Learning for Science Workshop",
  publisher =    "",
  year =   "2023",
  url =  "https://fastmachinelearning.org/iccad2023/file/fastml-iccad-23-final3.pdf",
  volume =   "",
  doi = "",
  pages =  ""
}

@article{mitiq2022,
  title     = {Mitiq: A software package for error mitigation on noisy quantum computers},
  author    = {Ryan LaRose and Andrea Mari and Sarah Kaiser and Peter J. Karalekas and Andre A. Alves and Piotr Czarnik and Mohamed El Mandouh and Max H. Gordon and Yousef Hindy and Aaron Robertson and Purva Thakre and Misty Wahl and Danny Samuel and Rahul Mistri and Maxime Tremblay and Nick Gardner and Nathaniel T. Stemen and Nathan Shammah and William J. Zeng},
  journal   = {Quantum},
  year      = {2022},
  month     = {Aug},
  doi       = {10.22331/q-2022-08-11-774},
  url       = {https://doi.org/10.22331/q-2022-08-11-774},
  publisher = {Verein zur Forderung des Open Access Publizierens in den Quantenwissenschaften},
  volume    = {6},
  pages     = {774}
}